@article{Amidan,
  author = {Brett G. Amidan and Danny J. Orton and Brian L. LarMarche and Matthew E. Monroe and Ronald J. Moore and Alexander M. Venzin and Richard D. Smith and Landon H. Sego and Mark F. Tardiff and Samuel H. Payne},
  title = {Signatures for Mass Spectrometry Data Quality},
  journal = {Journal of Proteome Research},
  year = {2014},
  volume = {13},
  number = {4},
  pages = {2215-2222}
}


@book{Hastie,
	Author = {Hastie, Trevor and Tibshirani, Robert and Friedman, J. H.},
	Edition = {2},
	Pages = {533},
	Publisher = {Springer-Verlag},
	Title = {{The Elements of Statistical Learning: Data Mining, Inference, and Prediction}},
	Year = {2008}
}


@misc{glmnet,
	author = {Hastie, Trevor and Qian, Junyang},
  institution = {Stanford University},
	title = {{Glmnet Vignette}},
	url = {http://cran.fhcrc.org/web/packages/glmnet/vignettes/glmnet_beta.html},
  lastchecked = {20 January 2016},
	year = {2014}
}
